@book{cohen,
  title={Numerical Approximation Methods: $\Pi\approx$ 355/113},
  author={Cohen, H.},
  isbn={9781441998361},
  lccn={2011932169},
  url={https://books.google.com.gt/books?id=tlzj0MIugwUC},
  year={2011},
  publisher={Springer}
}

@book{golub,
  title={Scientific Computing: An Introduction with Parallel Computing},
  author={Golub, G.H. and Ortega, J.M.},
  isbn={9781483296043},
  url={https://books.google.com.gt/books?id=iebMBQAAQBAJ},
  year={1993},
  publisher={Academic Press, Inc.}
}

@book{hahn,
  title={FORTRAN 90 for Scientists and Engineers},
  author={Hahn, B.},
  isbn={9780080571607},
  url={https://books.google.com.gt/books?id=E-oIrc8wwRYC},
  year={1993},
  publisher={Elsevier Science}
}

@book{burden,
  title={Numerical Analysis},
  author={Burden, R.L and Faires, D.J. and Burden, A.M.},
  isbn={9781305253667},
  year={2016},
  publisher={CENGAGE Learning}
}
